@InProceedings{mgs08structured-objects,
    author = "Boris Motik and Bernardo Cuenca Grau and Ulrike Sattler",
    title = "{Structured Objects in OWL: Representation and Reasoning}",
    booktitle = "Proc. of the 17th Int. World Wide Web Conference (WWW 2008)",
    editor = "Jinpeng Huai and Robin Chen and Hsiao-Wuen Hon and Yunhao Liu and Wei-Ying Ma and Andrew Tomkins and Xiaodong Zhang",
    address = "Beijing, China",
    month = "April 21--25",
    year = "2008",
    publisher = "ACM Press",
    pages = "555--564",
}

@misc{hermit,
    author    = "Information Systems Group",
    title     = "HermiT Reasoner - Home",
    url       = "http://www.hermit-reasoner.com/",
    note   = {Acessado em 09/10/2016},
    year      = 2012

}

@misc{stackoverflow,
    title     = "OWL's EquivalentClass vs. SubClassOf - Stack Overflow",
    url       = "http://stackoverflow.com/a/4201833",
    note   = {Acessado em 07/10/2016},
    year      = 2010

}
